@misc{CambCats,
  author = {Peter Johnstone},
  title  = {{P}art {III} {C}ategory {T}heory},
  year   = {2024},
  howpublished = {Lectures for the academic year 2024--2025 at the University of Cambridge}
}

@misc{WarwCats,
	author = {Emanuele Dotto},
	title = {{MA4M6} {C}ategory {T}heory},
	year = {2024},
	howpublished = {Lectures for the academic year 2023--2024 at the University of Warwick}
}

@book{RiehlCats,
	author = {Emily Riehl},
	title = {Category Theory in Context},
	year = {2014},
	publisher = {Cambridge University Press}
}

@book{MacLaneCats,
	author = {Saunders Mac Lane},
	title = {Categories for the Working Mathematician},
	year = {1978},
	publisher = {Springer Science+Business Media New York},
	edition = {2nd}
}

@misc{DesyncSecondYearEssay,
	author = {Kit Liu},
	title = {{T}he {Y}oneda {L}emma},
	year = {2023},
	note = {URL (version 2025-01-09): \url{https://warwickmathssociety.com/assets/essays-2/100%20-%20The%20Yoneda%20Lemma.pdf}}
}

@misc{DesyncThirdYearEssay,
	author = {Kit Liu},
	title = {{S}tructural {F}oundations in {T}opoi},
	year = {2024},
	note = {URL (version 2025-01-09): \url{https://warwickmathssociety.com/assets/essays-3/82%20-%20Structural%20Foundations%20in%20Topoi.pdf}}
}

@book{ToposTheory,
	author = {Peter Johnstone},
	title = {Topos Theory},
	year = {1977},
	publisher = {Academic Press Inc. (London) Ltd},
	series = {London Mathematical Society Monographs, 10}
}